<?xml version="1.0" encoding="UTF-8"?><collection xmlns="http://www.loc.gov/MARC21/slim"><record><leader>00363nam--2200121-i-4500</leader><controlfield tag="001">000030385</controlfield><controlfield tag="002">20161230</controlfield><controlfield tag="005">20161230201038</controlfield><controlfield tag="008">060222s1000------------r-----000-0-eng-d</controlfield><datafield ind1=" " ind2=" " tag="100"><subfield code="a">Mc Achran, Gerald Eugene</subfield></datafield><datafield ind1=" " ind2=" " tag="245"><subfield code="a">Synthesis and characterization of selected boron heterocycles.dissertation</subfield></datafield><datafield ind1=" " ind2=" " tag="260"><subfield code="a">The Ohio, State University, 1964. Vii + 99p</subfield></datafield><datafield ind1=" " ind2=" " tag="852"><subfield code="a">24036</subfield></datafield></record></collection>